<record><leader>00000cas a2200000 i 4500</leader><controlfield tag="001">17289890</controlfield><controlfield tag="008">871229d19741976waucr ne      0    1eng d</controlfield><datafield ind1=" " ind2=" " tag="010"><subfield code="a">sn 87093442 </subfield></datafield><datafield ind1=" " ind2=" " tag="040"><subfield code="a">SLZ</subfield><subfield code="b">eng</subfield><subfield code="c">SLZ</subfield><subfield code="d">OCL</subfield><subfield code="d">OCLCQ</subfield><subfield code="d">OCLCF</subfield><subfield code="d">OCLCO</subfield></datafield><datafield ind1="1" ind2=" " tag="029"><subfield code="a">AU@</subfield><subfield code="b">000025788369</subfield></datafield><datafield ind1=" " ind2=" " tag="042"><subfield code="a">msc</subfield></datafield><datafield ind1=" " ind2=" " tag="043"><subfield code="a">n-us-wa</subfield></datafield><datafield ind1="0" ind2="0" tag="245"><subfield code="a">University herald today.</subfield></datafield><datafield ind1="3" ind2="0" tag="246"><subfield code="a">Today</subfield></datafield><datafield ind1="1" ind2="0" tag="247"><subfield code="a">Our community today in University, Ravenna, View Ridge, Sandpoint, Mountlake ...</subfield></datafield><datafield ind1="1" ind2="0" tag="247"><subfield code="a">University today</subfield></datafield><datafield ind1="1" ind2="0" tag="247"><subfield code="a">Today in University, Ravenna, View Ridge, Sandpoint, Mountlake, North Broadway and Madison Park</subfield></datafield><datafield ind1=" " ind2=" " tag="260"><subfield code="a">Seattle, Wash. :</subfield><subfield code="b">Seattle Suburban Publications, Division of News Pub. Co.</subfield></datafield><datafield ind1=" " ind2=" " tag="300"><subfield code="a">v.</subfield></datafield><datafield ind1=" " ind2=" " tag="310"><subfield code="a">Semiweekly (Wednesday and Thursday)</subfield></datafield><datafield ind1="0" ind2=" " tag="362"><subfield code="a">Vol. 84, no. 6 (Feb. 6, 1974)-v. 87, no. 20 (May 12, 1976).</subfield></datafield><datafield ind1=" " ind2=" " tag="580"><subfield code="a">Absorbed Insight; Pennysaver want ads; and Seattle shopping news.</subfield></datafield><datafield ind1=" " ind2="0" tag="651"><subfield code="a">Seattle (Wash.)</subfield><subfield code="v">Newspapers.</subfield></datafield><datafield ind1=" " ind2="7" tag="655"><subfield code="a">Newspapers.</subfield><subfield code="2">fast</subfield><subfield code="0">(OCoLC)fst01423814</subfield></datafield><datafield ind1=" " ind2="7" tag="651"><subfield code="a">Washington (State)</subfield><subfield code="z">Seattle.</subfield><subfield code="2">fast</subfield><subfield code="0">(OCoLC)fst01204940</subfield></datafield><datafield ind1=" " ind2=" " tag="752"><subfield code="a">United States</subfield><subfield code="b">Washington</subfield><subfield code="c">King</subfield><subfield code="d">Seattle.</subfield></datafield><datafield ind1="1" ind2="5" tag="780"><subfield code="t">University district herald</subfield><subfield code="w">(DLC)sn 87093443</subfield></datafield><datafield ind1="1" ind2="5" tag="780"><subfield code="t">Insight</subfield></datafield><datafield ind1="1" ind2="5" tag="780"><subfield code="t">Pennysaver want ads</subfield></datafield><datafield ind1="1" ind2="5" tag="780"><subfield code="t">Seattle shopping news</subfield></datafield><datafield ind1="0" ind2="0" tag="785"><subfield code="t">University herald (Seattle, Wash.)</subfield><subfield code="w">(DLC)sn 87093441</subfield></datafield></record>